<record><leader>00000cas a22000007a 4500</leader><controlfield tag="001">14073282</controlfield><controlfield tag="008">860811d19081969mtuwr ne      0    0eng d</controlfield><datafield ind1=" " ind2=" " tag="010"><subfield code="a">sn 86075286 </subfield></datafield><datafield ind1=" " ind2=" " tag="040"><subfield code="a">MTL</subfield><subfield code="b">eng</subfield><subfield code="c">MTL</subfield><subfield code="d">OCLCQ</subfield></datafield><datafield ind1=" " ind2=" " tag="042"><subfield code="a">msc</subfield></datafield><datafield ind1="0" ind2="0" tag="245"><subfield code="a">Three Forks herald.</subfield></datafield><datafield ind1=" " ind2=" " tag="260"><subfield code="a">Three Forks, Mont. :</subfield><subfield code="b">Dorsey &amp; Dowen,</subfield><subfield code="c">1908-1969.</subfield></datafield><datafield ind1=" " ind2=" " tag="300"><subfield code="a">61 v. :</subfield><subfield code="b">ill.</subfield></datafield><datafield ind1=" " ind2=" " tag="310"><subfield code="a">Weekly</subfield></datafield><datafield ind1="0" ind2=" " tag="362"><subfield code="a">Vol. 1, no. 1 (Sept. 24, 1908)-v. 61, no. 39 (June 26, 1969).</subfield></datafield><datafield ind1=" " ind2=" " tag="580"><subfield code="a">Merged with: Manhattan inter-mountain press, to form: Three Forks herald and Manhattan intermountain press.</subfield></datafield><datafield ind1=" " ind2=" " tag="752"><subfield code="a">United States</subfield><subfield code="b">Montana</subfield><subfield code="c">Gallatin</subfield><subfield code="d">Three Forks.</subfield></datafield><datafield ind1="1" ind2="7" tag="785"><subfield code="t">Manhattan inter-mountain press</subfield><subfield code="w">(DLC)sn 85053392</subfield></datafield><datafield ind1="1" ind2="7" tag="785"><subfield code="t">Three Forks herald and Manhattan intermountain press</subfield><subfield code="w">(DLC)sn 85053393</subfield></datafield></record>